@InProceedings{Xu_2022_CVPR,
    author    = {Xu, Yanwu and Xie, Shaoan and Wu, Wenhao and Zhang, Kun and Gong, Mingming and Batmanghelich, Kayhan},
    title     = {Maximum Spatial Perturbation Consistency for Unpaired Image-to-Image Translation},
    booktitle = {Proceedings of the IEEE/CVF Conference on Computer Vision and Pattern Recognition (CVPR)},
    month     = {June},
    year      = {2022},
    pages     = {18311-18320}
}

@misc{DaimCityDaSe,
  doi = {10.48550/ARXIV.1604.01685},
  url = {https://arxiv.org/abs/1604.01685},
  author = {Cordts, Marius and Omran, Mohamed and Ramos, Sebastian and Rehfeld, Timo and Enzweiler, Markus and Benenson, Rodrigo and Franke, Uwe and Roth, Stefan and Schiele, Bernt},
  keywords = {Computer Vision and Pattern Recognition (cs.CV), FOS: Computer and information sciences, FOS: Computer and information sciences},
  title = {The Cityscapes Dataset for Semantic Urban Scene Understanding},
  publisher = {arXiv},
  year = {2016},
  copyright = {arXiv.org perpetual, non-exclusive license}
}

@article{EnPhEn,
    title = {Enhancing Photorealism Enhancement},
    author = {Stephan R. Richter and Hassan Abu AlHaija and Vladlen Koltun},
    journal= {arXiv:2105.04619},
    year = {2021},
}

@misc{ImTImTr,
  doi = {10.48550/ARXIV.2101.08629},
  
  url = {https://arxiv.org/abs/2101.08629},
  
  author = {Pang, Yingxue and Lin, Jianxin and Qin, Tao and Chen, Zhibo},
  
  keywords = {Computer Vision and Pattern Recognition (cs.CV), FOS: Computer and information sciences, FOS: Computer and information sciences},
  
  title = {Image-to-Image Translation: Methods and Applications},
  
  publisher = {arXiv},
  
  year = {2021},
  
  copyright = {arXiv.org perpetual, non-exclusive license}
}

@inproceedings{CycleGAN2017,
  title={Unpaired Image-to-Image Translation using Cycle-Consistent Adversarial Networks},
  author={Zhu, Jun-Yan and Park, Taesung and Isola, Phillip and Efros, Alexei A},
  booktitle={Computer Vision (ICCV), 2017 IEEE International Conference on},
  year={2017}
}

@InProceedings{Mspc,
    author    = {Xu, Yanwu and Xie, Shaoan and Wu, Wenhao and Zhang, Kun and Gong, Mingming and Batmanghelich, Kayhan},
    title     = {Maximum Spatial Perturbation Consistency for Unpaired Image-to-Image Translation},
    booktitle = {Proceedings of the IEEE/CVF Conference on Computer Vision and Pattern Recognition (CVPR)},
    month     = {June},
    year      = {2022},
    pages     = {18311-18320}
}
